side,qty,rate,time
2,80.0,100000000,2026-03-30 23:13:42.678
2,1000.0,150000,2026-04-22 01:19:29.166
2,1000.0,70000,2026-04-22 01:18:19.165
2,40.0,30530,2026-04-23 14:09:04.435
2,40.0,30210,2026-04-23 14:09:03.481
2,40.0,30160,2026-04-23 14:09:02.777
2,40.0,29740,2026-04-23 14:09:02.021
2,40.0,29690,2026-04-23 14:09:01.142
2,40.0,28760,2026-04-23 14:09:00.236
2,40.0,28650,2026-04-23 14:08:59.464
2,40.0,27910,2026-04-24 22:00:15.531
2,40.0,27890,2026-04-24 22:00:17.162
2,40.0,27860,2026-04-24 22:00:16.346
2,40.0,27640,2026-04-22 05:06:30.247
2,40.0,27580,2026-04-23 14:08:58.735
2,40.0,27400,2026-04-19 00:53:31.628
2,40.0,27390,2026-04-22 03:56:10.354
2,40.0,27350,2026-04-19 01:23:51.759
2,40.0,27320,2026-04-22 05:06:33.657
2,40.0,27300,2026-04-19 01:32:21.666
2,40.0,27280,2026-04-22 04:59:51.753
2,40.0,27280,2026-04-22 04:59:31.992
2,40.0,27270,2026-04-22 05:06:38.782
2,40.0,27250,2026-04-19 17:32:11.657
2,40.0,27240,2026-04-19 02:25:31.635
2,40.0,27230,2026-04-22 04:21:21.807
2,40.0,27220,2026-04-22 05:01:51.516
2,40.0,27220,2026-04-22 05:20:11.742
2,40.0,27210,2026-04-23 14:08:57.963
2,40.0,27200,2026-04-19 17:43:21.518
2,40.0,27190,2026-04-22 12:32:01.165
2,40.0,27190,2026-04-19 02:25:42.225
2,40.0,27180,2026-04-22 05:30:11.745
2,40.0,27180,2026-04-22 05:29:47.484
2,40.0,27180,2026-04-22 04:39:31.711
2,40.0,27170,2026-04-23 14:08:57.233
2,40.0,27170,2026-04-22 05:20:41.572
2,40.0,27150,2026-04-19 17:43:41.480
2,40.0,27140,2026-04-22 12:32:00.300
2,40.0,27120,2026-04-22 05:41:31.833
2,40.0,27120,2026-04-22 05:27:41.724
2,40.0,27090,2026-04-22 12:54:03.154
2,40.0,27070,2026-04-22 06:11:52.198
2,40.0,27020,2026-04-22 06:17:41.775
2,40.0,26980,2026-04-22 07:14:41.711
2,40.0,26930,2026-04-22 07:35:41.658
2,40.0,26880,2026-04-22 12:32:06.290
2,40.0,26880,2026-04-22 08:05:31.794
2,40.0,26860,2026-04-23 14:08:56.449
2,40.0,26830,2026-04-22 08:39:41.489
2,40.0,26830,2026-04-22 12:42:31.479
2,40.0,26830,2026-04-22 12:32:07.852
2,40.0,26800,2026-04-23 14:08:55.691
2,40.0,26780,2026-04-22 12:32:31.978
2,40.0,26780,2026-04-22 12:42:51.486
2,40.0,26770,2026-04-22 08:51:31.935
2,40.0,26730,2026-04-22 12:43:11.686
2,40.0,26730,2026-04-22 12:54:06.183
2,40.0,26730,2026-04-22 12:32:33.489
2,40.0,26730,2026-04-22 13:03:51.668
2,40.0,26730,2026-04-22 10:02:31.767
2,40.0,26680,2026-04-22 12:32:51.942
2,40.0,26680,2026-04-22 13:04:11.715
2,40.0,26680,2026-04-22 12:43:51.480
2,40.0,26630,2026-04-22 13:07:01.718
2,40.0,26580,2026-04-22 14:57:42.218
2,40.0,26580,2026-04-22 14:00:31.731
2,40.0,26580,2026-04-22 14:40:41.683
2,40.0,26540,2026-04-23 14:08:54.887
2,40.0,26530,2026-04-22 15:18:31.742
2,40.0,26490,2026-04-22 17:52:41.776
2,40.0,26440,2026-04-22 19:36:41.761
2,40.0,26400,2026-04-22 20:47:42.352
2,40.0,26350,2026-04-22 21:43:31.772
2,40.0,26340,2026-04-23 03:58:11.997
2,40.0,26310,2026-04-22 22:43:51.656
2,40.0,26290,2026-04-23 02:39:21.718
2,40.0,26290,2026-04-23 03:58:22.307
2,40.0,26240,2026-04-23 04:10:41.697
2,40.0,26200,2026-04-23 00:31:11.766
2,40.0,26190,2026-04-23 04:41:31.635
2,40.0,26170,2026-04-23 14:08:54.125
2,40.0,26130,2026-04-23 05:53:11.715
2,40.0,26120,2026-04-25 14:03:31.536
2,40.0,26090,2026-04-23 07:06:21.831
2,40.0,26060,2026-04-25 14:29:41.528
2,40.0,26030,2026-04-24 18:52:26.408
2,40.0,26030,2026-04-23 07:17:21.519
2,40.0,26020,2026-04-25 14:57:01.636
2,40.0,25990,2026-04-23 07:29:41.671
2,40.0,25980,2026-04-24 18:52:25.674
2,40.0,25950,2026-04-26 01:17:22.271
2,40.0,25940,2026-04-23 07:34:41.733
2,40.0,25930,2026-04-25 14:03:35.488
2,40.0,25900,2026-04-26 01:17:31.911
2,40.0,25880,2026-04-25 14:29:45.928
2,40.0,25850,2026-04-26 03:33:31.831
2,40.0,25830,2026-04-25 14:57:04.820
2,40.0,25800,2026-04-26 03:39:21.650
2,40.0,25780,2026-04-26 01:17:25.371
2,40.0,25750,2026-04-26 03:39:41.690
2,40.0,25730,2026-04-26 01:17:35.163
2,40.0,25680,2026-04-26 03:33:35.448
2,40.0,25630,2026-04-26 03:39:25.761
2,40.0,25600,2026-04-26 04:18:21.201
2,40.0,25580,2026-04-26 03:39:45.031
1,40.0,25480,2026-04-24 10:32:15.165
1,40.0,25440,2026-04-24 18:52:14.426
1,40.0,25430,2026-04-24 10:19:25.165
1,40.0,25390,2026-04-24 18:52:16.065
1,40.0,25390,2026-04-23 14:54:15.168
1,40.0,25380,2026-04-24 10:17:35.173
1,40.0,25380,2026-04-24 07:21:12.285
1,40.0,25340,2026-04-25 14:03:33.408
1,40.0,25330,2026-04-24 00:27:12.108
1,40.0,25330,2026-04-24 10:17:22.699
1,40.0,25310,2026-04-23 14:08:41.168
1,40.0,25290,2026-04-25 14:29:43.347
1,40.0,25280,2026-04-24 00:00:15.163
1,40.0,25280,2026-04-23 14:08:37.166
1,40.0,25270,2026-04-23 22:38:45.171
1,40.0,25260,2026-04-23 14:08:31.039
1,40.0,25240,2026-04-25 14:57:03.785
1,40.0,25240,2026-04-23 23:32:42.281
1,40.0,25190,2026-04-26 04:18:21.780
1,40.0,25190,2026-04-26 01:17:24.200
1,40.0,25140,2026-04-26 01:17:33.856
1,40.0,25120,2026-04-23 14:08:27.481
1,40.0,25090,2026-04-26 03:33:34.226
1,40.0,25040,2026-04-26 03:39:23.856
1,40.0,24990,2026-04-26 03:39:43.739
1,40.0,24940,2026-04-23 14:08:24.154
1,40.0,24930,2026-04-23 14:08:20.950
1,40.0,24730,2026-04-23 14:08:18.047
1,40.0,24660,2026-04-23 14:08:15.053
1,40.0,24650,2026-04-23 14:08:12.462
1,40.0,24570,2026-04-23 14:08:07.514
1,40.0,24570,2026-04-23 14:08:09.891
1,40.0,24560,2026-04-23 14:08:04.942
1,40.0,24370,2026-04-23 14:08:02.667
1,40.0,24360,2026-04-23 14:08:00.292
1,40.0,24340,2026-04-23 14:07:58.179
1,40.0,24220,2026-04-23 14:07:55.806
1,40.0,24190,2026-04-23 14:07:53.815
1,40.0,24150,2026-04-23 14:07:51.724
1,40.0,24130,2026-04-23 14:07:49.919
1,40.0,24080,2026-04-23 14:07:47.882
1,40.0,24070,2026-04-23 14:07:45.851
1,40.0,24000,2026-04-23 14:07:44.100
1,40.0,23900,2026-04-23 14:07:42.305
1,40.0,23850,2026-04-23 14:07:40.184
1,40.0,23680,2026-04-23 14:07:38.160
1,40.0,23610,2026-04-23 14:07:36.386
1,40.0,23570,2026-04-23 14:07:34.677
1,40.0,23470,2026-04-23 14:07:33.076
1,40.0,23440,2026-04-23 14:07:31.247
1,40.0,23430,2026-04-23 14:07:29.744
1,40.0,23420,2026-04-23 14:07:28.320
1,40.0,23290,2026-04-23 14:07:26.876
1,40.0,23270,2026-04-23 14:07:25.382
1,40.0,23230,2026-04-23 14:07:23.881
1,40.0,23080,2026-04-23 14:07:22.836
1,40.0,23010,2026-04-23 14:07:21.716
1,40.0,22920,2026-04-23 14:07:20.688
1,40.0,22900,2026-04-23 14:07:19.430
1,40.0,22800,2026-04-23 14:07:18.428
1,40.0,22690,2026-04-23 14:07:17.458
1,40.0,22630,2026-04-23 14:07:15.267
1,40.0,22630,2026-04-23 14:07:16.428
1,40.0,22610,2026-04-23 14:07:14.289
1,40.0,22510,2026-04-23 14:07:13.270
1,40.0,22500,2026-04-23 14:07:12.213
1,40.0,22490,2026-04-23 14:07:11.209
1,40.0,22420,2026-04-23 14:07:10.225
1,40.0,22380,2026-04-23 14:07:09.262
1,40.0,22360,2026-04-23 14:07:08.265
1,40.0,22340,2026-04-23 14:07:07.183
1,40.0,22320,2026-04-23 14:07:02.844
1,40.0,22280,2026-04-23 14:07:01.853
1,40.0,22250,2026-04-23 14:07:00.749
1,40.0,22190,2026-04-23 14:06:59.672
1,40.0,22190,2026-04-23 14:06:58.661
1,40.0,22180,2026-04-23 14:06:57.668
1,40.0,22160,2026-04-23 14:06:56.656
1,40.0,22060,2026-04-23 14:06:55.663
1,40.0,21860,2026-04-23 14:06:54.436
1,40.0,21770,2026-04-23 14:06:53.171
1,40.0,21750,2026-04-23 14:06:49.170
1,40.0,21710,2026-04-23 14:06:43.170
1,40.0,21710,2026-04-23 14:06:35.173
1,40.0,21710,2026-04-23 14:06:39.171
1,40.0,21620,2026-04-23 14:06:31.171
1,40.0,21600,2026-04-23 14:06:25.171
1,40.0,21590,2026-04-23 14:06:17.172
1,40.0,21550,2026-04-23 14:06:09.179
1,40.0,21540,2026-04-23 14:06:03.171
1,40.0,21520,2026-04-23 14:05:53.176
1,40.0,21500,2026-04-23 14:05:49.174
1,40.0,21480,2026-04-23 14:05:41.172
1,40.0,21430,2026-04-23 14:05:37.172
1,40.0,21430,2026-04-23 14:05:31.173
1,40.0,21390,2026-04-23 14:05:25.176
1,40.0,21360,2026-04-23 14:05:21.179
1,40.0,21320,2026-04-23 14:05:17.173
1,40.0,21260,2026-04-23 14:05:13.180
1,40.0,21150,2026-04-23 14:05:03.175
1,40.0,21120,2026-04-23 14:04:57.175
1,40.0,21050,2026-04-23 14:04:51.181
1,40.0,20930,2026-04-23 14:04:47.185
1,40.0,20810,2026-04-23 14:04:35.167
1,40.0,20800,2026-04-23 14:04:31.174
1,40.0,20730,2026-04-23 14:04:25.169
1,40.0,20690,2026-04-23 14:04:13.174
1,40.0,20690,2026-04-23 14:04:03.183
1,40.0,20690,2026-04-23 14:04:21.174
1,40.0,20530,2026-04-23 14:03:59.177
1,2000.0,620,2026-04-07 13:23:10.831
1,20000.0,590,2026-03-31 16:56:27.005
