side,qty,rate,time
2,40.0,23580,2026-06-16 13:11:50.138
2,40.0,23500,2026-06-16 13:11:49.454
2,40.0,22680,2026-06-16 13:11:48.777
2,40.0,22280,2026-06-16 13:11:47.987
2,40.0,21960,2026-06-16 13:11:47.286
2,40.0,21490,2026-06-16 13:11:46.490
2,40.0,20160,2026-06-25 08:40:02.099
2,40.0,20150,2026-06-25 08:38:42.477
2,40.0,20110,2026-06-25 08:28:43.582
2,40.0,20100,2026-06-25 08:27:32.146
2,40.0,20060,2026-06-25 00:02:24.182
2,40.0,20050,2026-06-25 00:01:42.194
2,40.0,20010,2026-06-24 23:56:42.219
2,40.0,20000,2026-06-29 19:59:38.158
2,40.0,20000,2026-06-24 23:55:02.340
2,40.0,19960,2026-06-24 23:53:55.173
2,40.0,19960,2026-06-24 23:53:54.319
2,40.0,19950,2026-06-24 23:41:53.340
2,40.0,19950,2026-06-24 23:41:52.476
2,40.0,19910,2026-06-24 23:09:51.819
2,40.0,19910,2026-06-24 23:09:52.974
2,40.0,19870,2026-06-27 13:57:50.940
2,40.0,19860,2026-06-24 23:08:56.113
2,40.0,19860,2026-06-24 23:08:56.952
2,40.0,19860,2026-06-24 23:08:57.886
2,40.0,19850,2026-06-24 23:08:02.912
2,40.0,19820,2026-06-27 13:57:12.106
2,40.0,19820,2026-06-27 13:57:12.949
2,40.0,19810,2026-06-16 13:10:42.253
2,40.0,19810,2026-06-16 13:10:42.931
2,40.0,19810,2026-06-16 13:10:43.625
2,40.0,19810,2026-06-16 13:10:49.757
2,40.0,19810,2026-06-16 13:10:44.280
2,40.0,19800,2026-06-16 13:10:47.101
2,40.0,19800,2026-06-16 13:10:51.268
2,40.0,19800,2026-06-16 13:10:49.124
2,40.0,19800,2026-06-16 13:10:48.484
2,40.0,19800,2026-06-16 13:10:45.707
2,40.0,19800,2026-06-16 13:10:50.558
2,40.0,19800,2026-06-16 13:10:45.014
2,40.0,19800,2026-06-16 13:10:47.771
2,40.0,19800,2026-06-16 13:10:46.439
2,40.0,19770,2026-06-27 13:56:26.208
2,40.0,19770,2026-06-27 13:56:28.818
2,40.0,19770,2026-06-27 13:56:29.670
2,40.0,19770,2026-06-27 13:56:27.053
2,40.0,19770,2026-06-27 13:56:27.935
2,40.0,19760,2026-06-24 23:06:14.071
2,40.0,19760,2026-06-24 23:06:14.900
2,40.0,19750,2026-06-16 13:12:01.680
2,40.0,19750,2026-06-16 13:11:54.489
2,40.0,19750,2026-06-16 13:11:55.854
2,40.0,19750,2026-06-16 13:11:58.915
2,40.0,19750,2026-06-16 13:12:01.033
2,40.0,19750,2026-06-16 13:11:59.611
2,40.0,19750,2026-06-16 13:12:03.050
2,40.0,19750,2026-06-24 23:06:12.256
2,40.0,19750,2026-06-24 23:06:15.824
2,40.0,19750,2026-06-16 13:12:08.526
2,40.0,19750,2026-06-24 23:06:13.116
2,40.0,19750,2026-06-16 13:11:55.158
2,40.0,19750,2026-06-16 13:12:00.347
2,40.0,19750,2026-06-16 13:12:02.342
2,40.0,19730,2026-06-27 13:30:04.412
2,40.0,19720,2026-06-27 13:27:52.345
2,40.0,19720,2026-06-27 13:27:53.122
2,40.0,19720,2026-06-27 13:27:54.735
2,40.0,19720,2026-06-27 13:27:53.940
2,40.0,19710,2026-06-16 13:11:53.801
2,40.0,19710,2026-06-16 13:12:04.407
2,40.0,19700,2026-06-16 13:11:58.222
2,40.0,19700,2026-06-16 13:12:03.717
2,40.0,19700,2026-06-16 13:11:56.570
2,40.0,19670,2026-06-27 13:27:55.641
2,40.0,19620,2026-06-25 18:06:25.346
2,40.0,19620,2026-06-27 13:22:02.351
2,40.0,19570,2026-06-28 11:22:01.689
2,40.0,19570,2026-06-27 13:21:23.440
2,40.0,19520,2026-06-27 13:20:51.979
2,40.0,19470,2026-06-27 13:19:42.492
2,40.0,19470,2026-06-27 13:19:43.507
2,40.0,19310,2026-07-02 04:48:31.345
2,40.0,19170,2026-06-30 15:43:32.144
2,40.0,19120,2026-06-30 15:43:29.994
2,40.0,19070,2026-06-30 08:55:02.119
2,40.0,19000,2026-06-29 19:43:10.166
2,40.0,18960,2026-07-01 13:36:02.116
2,40.0,18910,2026-07-01 11:39:46.356
2,40.0,18870,2026-07-01 10:55:33.476
2,40.0,18870,2026-07-01 10:55:32.460
2,40.0,18730,2026-06-30 20:38:02.365
2,40.0,18720,2026-06-30 12:47:01.632
2,40.0,18680,2026-07-02 01:39:04.456
2,40.0,18670,2026-07-01 17:51:32.391
2,40.0,18670,2026-06-30 22:18:12.155
2,40.0,18630,2026-06-30 19:23:54.534
2,40.0,18620,2026-07-01 20:13:31.964
2,40.0,18620,2026-07-01 01:14:02.385
2,40.0,18580,2026-06-30 20:26:14.473
2,40.0,18570,2026-07-01 01:20:42.213
2,40.0,18570,2026-07-01 20:13:52.195
2,40.0,18530,2026-06-30 20:38:06.019
2,40.0,18520,2026-07-01 01:30:32.126
2,40.0,18520,2026-07-01 20:14:02.517
2,40.0,18480,2026-07-01 17:51:36.428
2,40.0,18480,2026-07-02 04:49:31.759
2,40.0,18470,2026-07-01 20:30:53.148
2,40.0,18430,2026-07-01 20:13:35.098
2,40.0,18420,2026-07-01 20:38:32.273
2,40.0,18380,2026-07-01 20:13:56.457
2,40.0,18370,2026-07-01 21:32:25.756
2,40.0,18330,2026-07-01 20:14:05.784
2,40.0,18280,2026-07-01 20:30:56.837
2,40.0,18230,2026-07-01 20:38:34.853
1,40.0,18170,2026-07-02 01:39:03.261
1,40.0,18140,2026-06-27 07:47:22.293
1,40.0,18140,2026-06-25 22:33:36.691
1,40.0,18130,2026-07-01 10:54:52.312
1,40.0,18120,2026-07-02 04:39:31.732
1,40.0,18120,2026-06-30 19:23:53.499
1,40.0,18090,2026-06-25 22:33:56.187
1,40.0,18070,2026-06-30 20:26:13.432
1,40.0,18040,2026-06-25 22:35:02.321
1,40.0,18020,2026-06-30 20:38:04.834
1,680.0,18000,2026-06-30 20:02:11.349
1,320.0,18000,2026-06-24 15:07:29.345
1,40.0,17990,2026-06-25 22:38:12.379
1,40.0,17980,2026-07-02 01:39:01.837
1,40.0,17970,2026-07-01 17:51:34.373
1,40.0,17940,2026-06-25 23:18:42.620
1,40.0,17920,2026-07-01 20:13:33.926
1,40.0,17890,2026-06-25 23:24:42.254
1,40.0,17890,2026-06-25 23:24:43.241
1,40.0,17890,2026-06-25 23:24:44.197
1,40.0,17880,2026-06-16 13:11:38.283
1,40.0,17870,2026-07-01 20:13:54.234
1,40.0,17840,2026-06-25 23:34:38.480
1,40.0,17840,2026-06-25 23:34:37.444
1,40.0,17840,2026-06-25 23:34:36.493
1,40.0,17840,2026-06-25 23:34:39.483
1,40.0,17820,2026-07-01 20:14:04.458
1,40.0,17820,2026-06-19 20:18:23.359
1,200.0,17800,2026-06-24 04:38:49.255
1,40.0,17790,2026-06-25 23:35:22.323
1,40.0,17770,2026-07-01 20:30:54.730
1,40.0,17740,2026-06-16 13:11:37.277
1,40.0,17740,2026-07-01 20:38:22.363
1,40.0,17720,2026-07-01 20:38:33.727
1,40.0,17590,2026-06-16 13:11:36.318
1,40.0,17340,2026-07-02 04:52:00.266
1,40.0,17340,2026-06-16 13:11:35.349
1,40.0,17310,2026-06-16 13:11:31.349
1,40.0,17240,2026-06-16 13:11:25.843
1,40.0,17060,2026-06-16 13:11:24.928
1,40.0,16540,2026-06-16 13:11:24.039
1,40.0,16410,2026-06-16 13:11:23.141
1,40.0,16340,2026-06-16 13:11:22.240
1,40.0,16070,2026-06-16 13:11:21.346
1,40.0,15920,2026-06-16 13:11:13.141
1,40.0,15910,2026-06-16 13:11:12.156
1,40.0,15770,2026-06-16 13:11:11.232
1,40.0,15500,2026-06-16 13:11:10.328
1,40.0,15120,2026-06-16 13:11:09.348
1,40.0,14740,2026-06-16 13:11:05.347
1,40.0,14460,2026-06-16 13:11:01.348
1,40.0,14320,2026-06-16 13:10:57.352
1,40.0,14320,2026-06-16 20:11:15.347
1,40.0,14160,2026-06-17 17:23:25.347
