side,qty,rate,time
2,40.0,25700,2026-07-17 16:45:25.531
2,40.0,25490,2026-07-17 16:45:24.501
2,40.0,24860,2026-07-17 16:45:23.561
2,40.0,24850,2026-07-17 16:45:22.623
2,40.0,24790,2026-07-17 16:45:21.696
2,40.0,24690,2026-07-17 16:45:20.652
2,40.0,24650,2026-07-17 16:45:19.746
2,40.0,23880,2026-07-17 16:45:18.591
2,40.0,23410,2026-07-24 04:06:21.554
2,40.0,23260,2026-07-17 16:45:17.603
2,40.0,23240,2026-07-17 16:45:16.700
2,40.0,23070,2026-07-17 16:45:15.752
2,40.0,23030,2026-07-17 16:45:14.836
2,40.0,22820,2026-07-17 16:45:13.919
2,40.0,22800,2026-07-17 16:45:12.948
2,40.0,22770,2026-07-17 16:45:11.658
2,40.0,22660,2026-07-17 16:45:10.548
2,40.0,22470,2026-07-17 16:45:09.585
2,40.0,21930,2026-07-24 04:02:11.706
2,40.0,21900,2026-07-17 16:45:08.120
2,40.0,21870,2026-07-17 16:45:07.130
2,40.0,21600,2026-07-17 16:45:06.206
2,40.0,21580,2026-07-17 16:45:05.320
2,40.0,21350,2026-07-17 16:45:04.288
2,40.0,21350,2026-07-17 16:46:10.551
2,40.0,21300,2026-07-17 16:46:09.596
2,40.0,21300,2026-07-17 16:46:15.340
2,40.0,21290,2026-07-17 16:45:03.246
2,40.0,21250,2026-07-17 16:46:14.319
2,40.0,21250,2026-07-17 16:46:13.244
2,40.0,21250,2026-07-17 16:46:20.376
2,40.0,21210,2026-07-17 16:46:16.278
2,40.0,21200,2026-07-17 16:46:11.703
2,40.0,21160,2026-07-17 16:46:17.232
2,40.0,21100,2026-07-17 16:46:18.096
2,40.0,21050,2026-07-17 16:46:19.343
2,40.0,21030,2026-07-17 16:45:02.295
2,40.0,20990,2026-07-17 16:45:01.427
2,40.0,20660,2026-07-24 04:04:12.117
2,40.0,20580,2026-07-17 23:42:21.733
2,40.0,20570,2026-07-17 23:07:51.001
2,40.0,20530,2026-07-17 23:55:47.127
2,40.0,20520,2026-07-17 23:07:50.066
2,40.0,20520,2026-07-17 23:07:52.082
2,40.0,20470,2026-07-17 23:08:14.603
2,40.0,20470,2026-07-17 23:08:16.436
2,40.0,20470,2026-07-17 23:08:15.554
2,40.0,20420,2026-07-17 23:08:30.026
2,40.0,20420,2026-07-17 23:08:35.572
2,40.0,20420,2026-07-17 23:08:32.678
2,40.0,20370,2026-07-17 23:08:36.440
2,40.0,20370,2026-07-17 23:08:33.601
2,40.0,20370,2026-07-17 23:08:31.369
2,40.0,20360,2026-07-17 23:14:23.756
2,40.0,20320,2026-07-17 23:14:24.580
2,40.0,20320,2026-07-17 23:14:26.999
2,40.0,20270,2026-07-17 23:14:26.168
2,40.0,20270,2026-07-17 23:14:25.340
2,40.0,20220,2026-07-17 23:41:10.542
2,40.0,20220,2026-07-19 16:25:23.453
2,40.0,20220,2026-07-19 16:25:22.468
2,40.0,20210,2026-07-17 23:41:50.946
2,40.0,20170,2026-07-19 16:23:39.461
2,40.0,20120,2026-07-19 16:23:40.731
2,40.0,20120,2026-07-17 23:42:04.658
2,40.0,20070,2026-07-19 03:01:52.427
2,40.0,20020,2026-07-18 21:20:21.601
2,40.0,20010,2026-07-18 00:00:17.562
2,40.0,19960,2026-07-18 00:00:29.108
2,40.0,19960,2026-07-18 07:12:52.417
2,40.0,19960,2026-07-18 00:00:28.117
2,40.0,19920,2026-07-18 02:31:31.697
2,40.0,19910,2026-07-18 00:00:38.522
2,40.0,19870,2026-07-18 00:00:39.690
2,40.0,19860,2026-07-18 07:12:13.069
2,40.0,19860,2026-07-18 07:12:12.276
2,40.0,19860,2026-07-18 00:01:10.053
2,40.0,19840,2026-07-18 00:01:11.093
2,40.0,19820,2026-07-18 05:44:42.793
2,40.0,19820,2026-07-21 14:04:22.159
2,40.0,19810,2026-07-18 00:01:36.570
2,40.0,19810,2026-07-18 00:01:34.966
2,40.0,19810,2026-07-18 00:01:37.356
2,40.0,19810,2026-07-18 00:01:43.076
2,40.0,19810,2026-07-18 00:01:43.858
2,40.0,19810,2026-07-18 00:01:42.252
2,40.0,19810,2026-07-18 00:01:41.466
2,40.0,19810,2026-07-18 00:01:44.651
2,40.0,19810,2026-07-18 00:01:39.713
2,40.0,19790,2026-07-18 00:01:45.466
2,40.0,19790,2026-07-18 00:01:50.947
2,40.0,19790,2026-07-18 00:01:49.924
2,40.0,19790,2026-07-18 00:01:46.232
2,40.0,19790,2026-07-18 00:01:48.025
2,40.0,19770,2026-07-18 05:43:08.162
2,40.0,19770,2026-07-18 00:01:33.893
2,40.0,19760,2026-07-18 00:01:40.492
2,40.0,19720,2026-07-21 21:17:20.275
2,40.0,19670,2026-07-21 21:13:56.374
2,40.0,19610,2026-07-21 17:14:21.948
2,40.0,19560,2026-07-24 04:08:26.581
2,40.0,19160,2026-07-23 19:49:11.058
2,40.0,19110,2026-07-23 19:39:32.025
2,40.0,19060,2026-07-23 19:11:22.017
2,40.0,19030,2026-07-22 18:39:57.421
2,40.0,19010,2026-07-23 13:00:33.217
2,40.0,18960,2026-07-23 13:01:02.837
2,40.0,18930,2026-07-23 12:51:06.463
2,40.0,18910,2026-07-23 13:01:12.221
2,40.0,18880,2026-07-23 13:00:28.083
2,40.0,18880,2026-07-23 13:00:27.305
2,40.0,18860,2026-07-23 13:06:02.105
2,40.0,18810,2026-07-23 13:24:11.976
2,40.0,18810,2026-07-23 23:37:11.953
2,40.0,18770,2026-07-23 13:01:06.478
2,40.0,18760,2026-07-23 13:28:52.039
2,40.0,18760,2026-07-23 23:37:22.172
2,40.0,18740,2026-07-24 03:58:31.532
2,40.0,18720,2026-07-23 13:01:15.403
2,40.0,18670,2026-07-23 13:06:04.788
2,40.0,18620,2026-07-23 23:37:15.854
2,40.0,18570,2026-07-23 23:37:24.822
1,40.0,18510,2026-07-23 13:01:04.445
1,40.0,18490,2026-07-17 16:43:43.410
1,40.0,18460,2026-07-23 13:01:14.123
1,40.0,18420,2026-07-23 19:49:02.535
1,40.0,18410,2026-07-23 13:06:03.698
1,40.0,18410,2026-07-24 03:56:21.766
1,40.0,18370,2026-07-23 19:13:31.879
1,40.0,18360,2026-07-23 23:37:13.404
1,40.0,18310,2026-07-23 23:37:23.806
1,40.0,17880,2026-07-17 16:43:42.136
1,40.0,17820,2026-07-17 16:43:40.507
1,40.0,17610,2026-07-24 04:04:14.990
1,40.0,17410,2026-07-17 16:43:39.062
1,40.0,17230,2026-07-17 16:43:37.643
1,40.0,17140,2026-07-17 16:43:36.481
1,40.0,16690,2026-07-17 16:43:35.235
1,40.0,16670,2026-07-24 04:04:16.396
1,40.0,16630,2026-07-17 16:43:34.068
1,40.0,16400,2026-07-17 16:43:32.842
1,40.0,16080,2026-07-17 16:43:31.438
1,40.0,15890,2026-07-17 23:07:17.850
1,40.0,15770,2026-07-17 23:07:31.287
1,40.0,15740,2026-07-24 04:04:17.812
1,40.0,15530,2026-07-17 23:08:01.853
1,40.0,15490,2026-07-17 23:07:55.410
1,40.0,15420,2026-07-17 23:08:18.662
1,40.0,15210,2026-07-17 23:41:52.264
1,40.0,14970,2026-07-18 00:01:21.850
1,40.0,14880,2026-07-18 00:01:12.367
1,40.0,14850,2026-07-18 00:02:15.851
1,40.0,14810,2026-07-24 04:04:19.209
1,40.0,14770,2026-07-18 00:02:27.851
1,40.0,14630,2026-07-18 01:54:32.555
1,40.0,14550,2026-07-18 03:05:22.615
1,40.0,14430,2026-07-18 03:08:18.530
1,40.0,14040,2026-07-23 13:00:57.424
1,40.0,13910,2026-07-23 13:29:20.529
1,20000.0,590,2026-07-16 13:25:21.535
