side,qty,rate,time
2,40.0,25700,2026-07-17 16:45:25.531
2,40.0,25490,2026-07-17 16:45:24.501
2,40.0,24860,2026-07-17 16:45:23.561
2,40.0,24850,2026-07-17 16:45:22.623
2,40.0,24790,2026-07-17 16:45:21.696
2,40.0,24690,2026-07-17 16:45:20.652
2,40.0,24650,2026-07-17 16:45:19.746
2,40.0,24580,2026-07-19 04:14:02.296
2,40.0,23880,2026-07-17 16:45:18.591
2,40.0,23260,2026-07-17 16:45:17.603
2,40.0,23240,2026-07-17 16:45:16.700
2,40.0,23130,2026-07-19 04:14:01.022
2,40.0,23070,2026-07-17 16:45:15.752
2,40.0,23030,2026-07-17 16:45:14.836
2,40.0,22820,2026-07-17 16:45:13.919
2,40.0,22800,2026-07-17 16:45:12.948
2,40.0,22770,2026-07-17 16:45:11.658
2,40.0,22660,2026-07-17 16:45:10.548
2,40.0,22470,2026-07-17 16:45:09.585
2,40.0,21900,2026-07-17 16:45:08.120
2,40.0,21870,2026-07-17 16:45:07.130
2,40.0,21850,2026-07-19 04:13:59.719
2,40.0,21600,2026-07-17 16:45:06.206
2,40.0,21580,2026-07-17 16:45:05.320
2,40.0,21420,2026-07-16 12:32:51.587
2,40.0,21350,2026-07-17 16:46:10.551
2,40.0,21350,2026-07-17 16:45:04.288
2,40.0,21300,2026-07-17 16:46:09.596
2,40.0,21300,2026-07-17 16:46:15.340
2,40.0,21290,2026-07-17 16:45:03.246
2,40.0,21250,2026-07-17 16:46:14.319
2,40.0,21250,2026-07-17 16:46:20.376
2,40.0,21250,2026-07-17 16:46:13.244
2,40.0,21210,2026-07-17 16:46:16.278
2,40.0,21200,2026-07-17 16:46:11.703
2,40.0,21160,2026-07-17 16:46:17.232
2,40.0,21100,2026-07-17 16:46:18.096
2,40.0,21050,2026-07-17 16:46:19.343
2,40.0,21030,2026-07-17 16:45:02.295
2,40.0,20990,2026-07-17 16:45:01.427
2,40.0,20680,2026-07-19 04:13:58.431
2,40.0,20580,2026-07-17 23:42:21.733
2,40.0,20570,2026-07-17 23:07:51.001
2,40.0,20530,2026-07-17 23:55:47.127
2,40.0,20520,2026-07-17 23:07:52.082
2,40.0,20520,2026-07-17 23:07:50.066
2,40.0,20470,2026-07-17 23:08:14.603
2,40.0,20470,2026-07-17 23:08:15.554
2,40.0,20470,2026-07-17 23:08:16.436
2,40.0,20420,2026-07-17 23:08:35.572
2,40.0,20420,2026-07-17 23:08:30.026
2,40.0,20420,2026-07-17 23:08:32.678
2,40.0,20370,2026-07-17 23:08:36.440
2,40.0,20370,2026-07-17 23:08:31.369
2,40.0,20370,2026-07-17 23:08:33.601
2,40.0,20360,2026-07-17 23:14:23.756
2,40.0,20320,2026-07-17 23:14:24.580
2,40.0,20320,2026-07-17 23:14:26.999
2,40.0,20270,2026-07-17 23:14:25.340
2,40.0,20270,2026-07-17 23:14:26.168
2,40.0,20220,2026-07-17 23:41:10.542
2,40.0,20210,2026-07-17 23:41:50.946
2,40.0,20120,2026-07-17 23:42:04.658
2,40.0,20070,2026-07-19 03:01:52.427
2,40.0,20020,2026-07-18 21:20:21.601
2,40.0,20010,2026-07-18 00:00:17.562
2,40.0,19960,2026-07-18 00:00:28.117
2,40.0,19960,2026-07-18 07:12:52.417
2,40.0,19960,2026-07-18 00:00:29.108
2,40.0,19920,2026-07-18 02:31:31.697
2,40.0,19910,2026-07-18 00:00:38.522
2,40.0,19870,2026-07-18 00:00:39.690
2,40.0,19860,2026-07-18 00:01:10.053
2,40.0,19860,2026-07-18 07:12:12.276
2,40.0,19860,2026-07-18 07:12:13.069
2,40.0,19840,2026-07-18 00:01:11.093
2,40.0,19820,2026-07-18 05:44:42.793
2,40.0,19820,2026-07-19 03:01:41.618
2,40.0,19810,2026-07-18 00:01:39.713
2,40.0,19810,2026-07-18 00:01:41.466
2,40.0,19810,2026-07-18 00:01:43.858
2,40.0,19810,2026-07-18 00:01:44.651
2,40.0,19810,2026-07-18 00:01:36.570
2,40.0,19810,2026-07-18 00:01:37.356
2,40.0,19810,2026-07-18 00:01:42.252
2,40.0,19810,2026-07-18 00:01:43.076
2,40.0,19810,2026-07-18 00:01:34.966
2,40.0,19810,2026-07-19 04:08:23.293
2,40.0,19790,2026-07-18 00:01:49.924
2,40.0,19790,2026-07-18 00:01:46.232
2,40.0,19790,2026-07-18 00:01:50.947
2,40.0,19790,2026-07-18 00:01:48.025
2,40.0,19790,2026-07-18 00:01:45.466
2,40.0,19770,2026-07-18 21:20:05.637
2,40.0,19770,2026-07-18 05:43:08.162
2,40.0,19770,2026-07-18 00:01:33.893
2,40.0,19760,2026-07-18 00:01:40.492
2,40.0,19760,2026-07-18 00:01:33.120
2,40.0,19760,2026-07-18 00:01:35.746
2,40.0,19760,2026-07-18 00:01:38.151
2,40.0,19760,2026-07-18 00:01:38.958
2,40.0,19760,2026-07-18 00:01:32.029
2,40.0,19740,2026-07-18 00:01:47.010
2,40.0,19740,2026-07-18 00:01:49.118
2,40.0,19720,2026-07-18 21:13:00.030
2,40.0,19720,2026-07-18 04:23:12.863
2,40.0,19710,2026-07-18 00:02:37.482
2,40.0,19680,2026-07-18 02:31:02.228
2,40.0,19670,2026-07-18 13:18:15.013
2,40.0,19670,2026-07-18 07:17:32.009
2,40.0,19670,2026-07-18 18:46:25.567
2,40.0,19650,2026-07-18 01:53:04.667
2,40.0,19640,2026-07-18 01:53:03.672
2,40.0,19630,2026-07-18 03:05:32.617
2,40.0,19620,2026-07-18 13:18:13.385
2,40.0,19620,2026-07-18 18:46:15.784
2,40.0,19590,2026-07-18 01:54:51.496
2,40.0,19580,2026-07-18 03:06:41.771
1,40.0,19560,2026-07-19 03:01:40.530
1,40.0,19510,2026-07-18 21:20:04.530
1,40.0,19460,2026-07-18 21:12:58.532
1,40.0,19440,2026-07-19 03:18:11.589
1,40.0,19410,2026-07-18 18:46:24.531
1,40.0,19360,2026-07-19 03:01:34.530
1,40.0,19360,2026-07-18 18:46:14.530
1,40.0,19300,2026-07-18 21:19:58.530
1,40.0,19260,2026-07-18 21:12:52.405
1,40.0,19210,2026-07-18 18:46:18.414
1,40.0,19210,2026-07-18 07:12:38.532
1,40.0,19160,2026-07-18 18:46:02.859
1,40.0,19160,2026-07-18 07:11:54.530
1,40.0,19110,2026-07-18 17:58:32.795
1,40.0,19100,2026-07-18 05:44:36.530
1,40.0,19070,2026-07-18 14:50:21.957
1,40.0,19070,2026-07-18 17:58:22.755
1,40.0,18800,2026-07-17 16:43:47.918
1,40.0,18610,2026-07-19 04:14:03.713
1,40.0,18550,2026-07-17 16:43:46.627
1,40.0,18530,2026-07-17 16:43:44.937
1,40.0,18490,2026-07-17 16:43:43.410
1,40.0,17880,2026-07-17 16:43:42.136
1,40.0,17820,2026-07-17 16:43:40.507
1,40.0,17610,2026-07-19 04:14:05.129
1,40.0,17410,2026-07-17 16:43:39.062
1,40.0,17230,2026-07-17 16:43:37.643
1,40.0,17140,2026-07-17 16:43:36.481
1,40.0,16690,2026-07-17 16:43:35.235
1,40.0,16640,2026-07-19 04:07:57.254
1,40.0,16630,2026-07-17 16:43:34.068
1,40.0,16400,2026-07-17 16:43:32.842
1,40.0,16080,2026-07-17 16:43:31.438
1,40.0,15890,2026-07-17 23:07:17.850
1,40.0,15770,2026-07-17 23:07:31.287
1,40.0,15640,2026-07-19 04:16:04.530
1,40.0,15530,2026-07-17 23:08:01.853
1,40.0,15490,2026-07-17 23:07:55.410
1,40.0,15420,2026-07-17 23:08:18.662
1,40.0,15210,2026-07-17 23:41:52.264
1,40.0,14970,2026-07-18 00:01:21.850
1,40.0,14880,2026-07-18 00:01:12.367
1,40.0,14850,2026-07-18 00:02:15.851
1,40.0,14770,2026-07-18 00:02:27.851
1,40.0,14630,2026-07-18 01:54:32.555
1,40.0,14550,2026-07-18 03:05:22.615
1,40.0,14430,2026-07-18 03:08:18.530
1,20000.0,590,2026-07-16 13:25:21.535
