side,qty,rate,time
2,280.0,100000,2026-06-02 06:23:43.258
2,40.0,30000,2026-06-05 20:08:25.604
2,400.0,28000,2026-06-02 06:24:39.252
2,40.0,25140,2026-06-06 19:32:03.523
2,40.0,25120,2026-06-06 19:32:02.764
2,40.0,25040,2026-06-05 21:25:58.687
2,40.0,25000,2026-06-05 20:09:11.693
2,40.0,24910,2026-06-05 21:25:58.021
2,40.0,24630,2026-06-05 21:25:57.324
2,40.0,23750,2026-06-05 21:25:56.326
2,40.0,23270,2026-06-05 21:25:55.654
2,40.0,23130,2026-06-05 21:25:54.968
2,40.0,22940,2026-06-05 21:25:54.270
2,40.0,22720,2026-06-05 21:25:53.598
2,40.0,22460,2026-06-05 21:25:52.795
2,40.0,21910,2026-06-05 21:25:52.094
2,40.0,21860,2026-06-05 21:25:51.092
2,40.0,21790,2026-06-05 21:25:50.268
2,40.0,21640,2026-06-05 21:25:49.562
2,40.0,21540,2026-06-05 21:25:48.857
2,40.0,21530,2026-06-05 21:25:48.145
2,40.0,21370,2026-06-05 21:25:47.454
2,40.0,21070,2026-06-05 21:25:46.766
2,40.0,20940,2026-06-05 21:25:46.030
2,40.0,20880,2026-06-05 21:25:45.199
2,40.0,20870,2026-06-07 05:13:11.839
2,40.0,20830,2026-06-05 21:25:44.473
2,40.0,20750,2026-06-07 03:34:38.108
2,40.0,20700,2026-06-07 03:31:18.142
2,40.0,20650,2026-06-06 23:07:04.699
2,40.0,20600,2026-06-06 22:25:14.272
2,40.0,20560,2026-06-05 22:33:22.053
2,40.0,20550,2026-06-06 19:42:31.636
2,40.0,20550,2026-06-06 19:33:22.378
2,40.0,20520,2026-06-07 05:16:02.097
2,40.0,20510,2026-06-06 19:33:37.475
2,40.0,20500,2026-06-06 19:33:21.626
2,40.0,20500,2026-06-06 17:40:21.416
2,40.0,20470,2026-06-06 16:26:31.784
2,40.0,20460,2026-06-06 19:33:46.689
2,40.0,20450,2026-06-05 23:40:42.080
2,40.0,20420,2026-06-06 16:41:01.805
2,40.0,20410,2026-06-06 19:33:48.271
2,40.0,20400,2026-06-05 21:25:11.853
2,40.0,20370,2026-06-06 16:53:21.768
2,40.0,20360,2026-06-06 12:07:41.592
2,40.0,20360,2026-06-06 19:33:57.003
2,40.0,20350,2026-06-06 19:33:43.475
2,40.0,20310,2026-06-06 19:42:11.726
2,40.0,20300,2026-06-06 19:33:42.701
1,40.0,20240,2026-06-07 03:34:37.128
1,40.0,20190,2026-06-07 03:31:17.120
1,40.0,20140,2026-06-06 23:07:03.483
1,40.0,20090,2026-06-06 22:25:13.327
1,40.0,20090,2026-06-07 05:06:42.314
1,40.0,20040,2026-06-06 19:33:19.118
1,40.0,20030,2026-06-06 19:32:36.585
1,40.0,20020,2026-06-07 03:34:32.117
1,80.0,20000,2026-06-06 21:51:35.225
1,40.0,19990,2026-06-06 19:33:20.611
1,40.0,19980,2026-06-06 19:32:34.671
1,40.0,19970,2026-06-07 03:31:12.036
1,40.0,19970,2026-06-06 13:24:15.120
1,40.0,19940,2026-06-05 23:40:41.115
1,40.0,19930,2026-06-06 13:03:52.219
1,40.0,19930,2026-06-06 23:07:02.017
1,40.0,19930,2026-06-06 19:32:18.019
1,40.0,19920,2026-06-06 09:46:05.115
1,40.0,19890,2026-06-05 21:24:48.185
1,40.0,19880,2026-06-06 22:25:11.954
1,40.0,19880,2026-06-06 19:32:14.063
1,40.0,19880,2026-06-06 09:31:05.117
1,40.0,19840,2026-06-06 19:32:15.922
1,40.0,19840,2026-06-06 19:33:40.766
1,40.0,19820,2026-06-06 08:04:55.117
1,40.0,19790,2026-06-06 19:33:41.851
1,40.0,19780,2026-06-07 03:34:52.009
1,40.0,19780,2026-06-06 16:24:06.771
1,40.0,19780,2026-06-06 16:24:08.622
1,40.0,19770,2026-06-07 05:17:09.860
1,40.0,19730,2026-06-06 13:24:51.723
1,40.0,19410,2026-06-05 21:25:43.377
1,40.0,19070,2026-06-05 21:25:42.446
1,40.0,18640,2026-06-05 21:25:41.181
1,40.0,18100,2026-06-05 21:25:39.941
1,40.0,17560,2026-06-05 21:25:38.952
1,40.0,17440,2026-06-05 21:25:37.919
1,40.0,17240,2026-06-05 21:25:36.908
1,40.0,17060,2026-06-05 21:25:35.959
1,40.0,16920,2026-06-05 21:25:34.948
1,40.0,16600,2026-06-05 21:25:34.001
1,40.0,16510,2026-06-05 21:25:33.035
1,40.0,16220,2026-06-05 21:25:32.123
1,40.0,15890,2026-06-05 21:25:31.211
1,40.0,15880,2026-06-05 21:25:30.280
1,40.0,15700,2026-06-05 21:25:29.357
1,40.0,15550,2026-06-05 21:25:28.405
1,40.0,15300,2026-06-05 21:25:27.432
1,40.0,15290,2026-06-05 21:25:26.495
1,40.0,15080,2026-06-05 21:25:25.112
1,40.0,15000,2026-06-05 21:25:21.117
1,40.0,14980,2026-06-05 22:33:45.108
