side,qty,rate,time
2,280.0,100000,2026-06-02 06:23:43.258
2,40.0,30530,2026-04-23 14:09:04.435
2,40.0,30380,2026-04-27 14:51:07.613
2,40.0,30260,2026-04-27 14:51:06.875
2,40.0,30210,2026-04-23 14:09:03.481
2,40.0,30190,2026-04-27 14:51:06.008
2,40.0,30190,2026-04-27 14:51:05.237
2,40.0,30160,2026-04-23 14:09:02.777
2,40.0,30150,2026-04-27 14:51:04.444
2,40.0,29910,2026-04-27 14:51:03.477
2,40.0,29860,2026-04-27 14:51:02.715
2,40.0,29740,2026-04-23 14:09:02.021
2,40.0,29710,2026-04-27 14:51:01.936
2,40.0,29700,2026-04-27 14:51:01.192
2,40.0,29690,2026-04-23 14:09:01.142
2,40.0,29660,2026-04-27 14:51:00.157
2,40.0,29560,2026-04-27 14:50:59.393
2,40.0,29520,2026-04-27 17:44:25.484
2,40.0,29520,2026-04-27 14:50:58.719
2,40.0,29510,2026-04-27 14:50:57.975
2,40.0,29420,2026-04-27 17:44:24.684
2,40.0,29320,2026-04-27 17:44:23.871
2,40.0,29300,2026-04-27 14:50:57.257
2,40.0,29290,2026-04-27 14:50:56.489
2,40.0,29240,2026-04-27 14:50:55.719
2,40.0,29210,2026-04-27 17:44:23.055
2,40.0,29180,2026-04-27 14:50:54.948
2,40.0,29100,2026-04-27 14:50:54.130
2,40.0,29020,2026-04-27 14:50:53.387
2,40.0,28970,2026-04-27 14:50:52.612
2,40.0,28950,2026-04-27 14:50:51.839
2,40.0,28890,2026-04-27 14:50:50.825
2,40.0,28850,2026-04-27 14:50:49.863
2,40.0,28840,2026-04-27 17:44:22.204
2,40.0,28810,2026-04-27 14:50:49.099
2,40.0,28790,2026-04-27 14:50:48.352
2,40.0,28760,2026-04-23 14:09:00.236
2,40.0,28650,2026-04-23 14:08:59.464
2,40.0,28640,2026-04-27 14:50:46.843
2,40.0,28640,2026-04-27 14:50:47.609
2,40.0,28560,2026-05-03 11:35:51.964
2,40.0,28550,2026-04-27 14:50:46.083
2,40.0,28410,2026-04-27 14:50:45.012
2,40.0,28320,2026-04-27 14:50:44.255
2,40.0,28290,2026-04-27 14:50:43.454
2,40.0,28090,2026-04-27 14:50:42.608
2,400.0,28000,2026-06-02 06:24:39.252
2,40.0,27990,2026-04-27 14:50:41.819
2,40.0,27930,2026-04-27 17:44:21.366
2,40.0,27890,2026-04-27 14:50:40.934
2,40.0,27880,2026-04-27 14:50:39.998
2,40.0,27770,2026-04-27 14:50:39.254
2,40.0,27650,2026-04-27 14:50:38.551
2,40.0,27640,2026-04-22 05:06:30.247
2,40.0,27610,2026-04-27 14:50:37.799
2,40.0,27580,2026-04-23 14:08:58.735
2,40.0,27580,2026-04-27 17:44:20.502
2,40.0,27570,2026-04-27 14:50:36.770
2,40.0,27550,2026-04-27 14:50:35.779
2,40.0,27440,2026-04-27 14:50:35.005
2,40.0,27400,2026-04-27 14:50:34.263
2,40.0,27390,2026-04-22 03:56:10.354
2,40.0,27330,2026-04-27 14:50:33.513
2,40.0,27280,2026-04-27 14:50:32.812
2,40.0,27280,2026-04-27 17:44:19.761
2,40.0,27210,2026-04-23 14:08:57.963
2,40.0,27190,2026-04-22 12:32:01.165
2,40.0,27190,2026-04-27 17:44:19.041
2,40.0,27170,2026-04-23 14:08:57.233
2,40.0,27140,2026-04-22 12:32:00.300
2,40.0,27130,2026-04-27 14:50:31.852
2,40.0,27090,2026-04-22 12:54:03.154
2,40.0,27080,2026-04-27 14:50:31.104
2,40.0,26910,2026-04-27 14:50:30.019
2,40.0,26860,2026-04-23 14:08:56.449
2,40.0,26800,2026-04-23 14:08:55.691
2,40.0,26720,2026-04-27 14:50:29.311
2,40.0,26700,2026-04-27 14:50:28.600
2,40.0,26650,2026-04-27 14:50:27.870
2,40.0,26610,2026-04-27 17:44:18.325
2,40.0,26560,2026-04-27 14:50:27.116
2,40.0,26540,2026-04-27 17:44:17.504
2,40.0,26540,2026-04-23 14:08:54.887
2,40.0,26370,2026-04-27 14:50:26.360
2,40.0,26330,2026-04-27 14:50:25.619
2,40.0,26170,2026-04-23 14:08:54.125
2,40.0,26120,2026-05-06 19:19:41.764
2,40.0,26120,2026-04-27 17:44:16.784
2,40.0,26090,2026-05-06 19:09:11.808
2,40.0,26070,2026-05-06 19:09:12.650
2,40.0,26040,2026-05-06 16:16:31.694
2,40.0,26020,2026-05-06 16:16:32.449
2,40.0,25990,2026-04-27 14:50:24.795
2,40.0,25990,2026-05-06 15:51:32.033
2,40.0,25960,2026-05-06 15:51:02.208
2,40.0,25940,2026-04-27 14:50:24.119
2,40.0,25940,2026-05-06 15:47:41.879
2,40.0,25910,2026-05-06 15:41:42.017
2,40.0,25860,2026-05-06 15:39:53.282
2,40.0,25810,2026-05-04 15:49:41.667
2,40.0,25800,2026-05-04 15:49:42.456
2,40.0,25790,2026-04-27 14:50:23.390
2,40.0,25780,2026-04-27 14:50:22.639
2,40.0,25760,2026-05-04 09:28:51.993
2,40.0,25750,2026-05-04 09:28:53.601
2,40.0,25710,2026-05-04 09:28:52.833
2,40.0,25700,2026-05-04 08:51:31.627
2,40.0,25680,2026-04-27 14:50:21.911
2,40.0,25660,2026-04-27 14:50:20.865
2,40.0,25640,2026-05-07 01:09:01.658
2,40.0,25640,2026-05-04 08:51:12.052
2,40.0,25540,2026-05-07 01:48:11.682
2,40.0,25400,2026-05-07 15:28:11.577
2,40.0,25290,2026-05-07 18:07:01.718
2,40.0,24980,2026-05-09 02:54:02.046
2,40.0,24940,2026-05-08 00:46:52.773
2,40.0,24880,2026-05-09 02:49:07.436
2,40.0,24830,2026-05-09 02:45:15.980
2,40.0,24780,2026-05-09 00:18:11.410
2,40.0,24730,2026-05-08 05:25:31.741
2,40.0,24680,2026-05-08 23:59:15.633
2,40.0,24630,2026-05-10 18:46:12.248
2,40.0,24630,2026-05-08 23:50:11.998
2,40.0,24590,2026-05-10 04:24:41.451
2,40.0,24580,2026-05-08 22:46:51.920
2,40.0,24550,2026-05-10 02:41:31.820
2,40.0,24530,2026-05-08 16:30:51.706
2,40.0,24480,2026-05-10 18:42:01.640
2,40.0,24430,2026-05-10 10:05:31.638
2,40.0,24380,2026-05-11 13:42:31.652
2,40.0,24280,2026-05-11 16:15:51.443
2,40.0,24180,2026-05-12 02:09:41.730
2,40.0,24130,2026-05-13 15:59:31.906
2,40.0,24080,2026-05-13 15:46:40.393
2,40.0,24030,2026-05-13 14:42:42.253
2,40.0,23970,2026-05-12 08:37:31.891
2,40.0,23920,2026-05-13 14:38:12.290
2,40.0,23880,2026-05-12 10:51:41.651
2,40.0,23830,2026-05-14 15:03:01.644
2,40.0,23820,2026-05-13 09:25:21.735
2,40.0,23780,2026-05-12 13:39:41.571
2,40.0,23730,2026-05-12 16:59:12.293
2,40.0,23670,2026-05-15 13:40:21.779
2,40.0,23570,2026-05-15 16:00:01.910
2,40.0,23520,2026-05-21 04:32:31.911
2,40.0,23480,2026-05-15 20:07:12.093
2,40.0,23420,2026-05-21 04:30:42.233
2,40.0,23380,2026-05-15 20:39:21.799
2,40.0,23380,2026-05-15 20:39:22.636
2,40.0,23310,2026-05-21 04:20:02.198
2,40.0,23260,2026-05-21 04:16:21.789
2,40.0,23230,2026-05-15 20:41:42.032
2,40.0,23180,2026-05-15 20:41:31.818
2,40.0,23170,2026-05-22 00:26:11.837
2,40.0,23110,2026-05-21 04:03:31.448
2,40.0,23110,2026-05-21 05:49:01.799
2,40.0,23070,2026-05-22 00:04:01.719
2,40.0,23020,2026-05-21 16:19:26.012
2,40.0,22930,2026-06-03 03:29:11.820
2,40.0,22870,2026-05-28 15:56:42.400
2,40.0,22860,2026-05-22 12:16:51.465
2,40.0,22810,2026-05-22 12:56:22.446
2,40.0,22810,2026-05-22 12:56:21.636
2,40.0,22760,2026-05-22 12:45:01.474
2,40.0,22720,2026-05-28 14:46:32.428
2,40.0,22670,2026-05-28 14:42:21.864
2,40.0,22620,2026-05-28 14:41:22.366
2,40.0,22620,2026-06-02 20:53:14.318
2,40.0,22580,2026-06-03 05:05:11.944
2,40.0,22570,2026-05-28 14:35:01.940
2,40.0,22570,2026-06-02 09:39:34.311
2,40.0,22560,2026-05-29 09:32:31.646
2,40.0,22540,2026-06-03 05:13:21.766
2,40.0,22520,2026-06-02 08:51:55.052
2,40.0,22510,2026-05-28 13:05:01.727
2,40.0,22510,2026-06-02 07:03:21.926
2,40.0,22500,2026-05-30 18:00:21.431
2,40.0,22480,2026-06-03 05:26:52.033
2,40.0,22470,2026-05-30 22:16:41.775
2,40.0,22470,2026-06-01 18:46:24.484
2,40.0,22430,2026-06-03 05:27:02.116
2,40.0,22420,2026-06-03 05:05:15.691
2,40.0,22380,2026-06-03 05:34:21.885
2,40.0,22370,2026-06-03 05:13:25.459
2,40.0,22340,2026-06-03 05:53:21.856
2,40.0,22320,2026-06-03 05:26:55.181
2,40.0,22270,2026-06-03 05:27:04.743
2,40.0,22220,2026-06-03 05:34:25.504
2,40.0,22170,2026-06-03 05:53:25.692
2,40.0,22130,2026-06-03 05:53:36.149
2,40.0,22120,2026-06-03 05:53:42.216
1,40.0,22040,2026-06-02 23:29:51.699
1,40.0,22030,2026-06-02 20:53:13.197
1,40.0,22020,2026-06-02 13:56:55.255
1,40.0,22000,2026-06-02 22:53:21.859
1,40.0,21980,2026-06-02 13:16:41.258
1,40.0,21980,2026-06-02 09:39:33.326
1,40.0,21960,2026-06-02 22:09:01.748
1,40.0,21930,2026-06-02 08:51:53.940
1,40.0,21920,2026-06-02 13:01:45.259
1,40.0,21910,2026-06-02 21:21:22.394
1,40.0,21880,2026-06-03 05:00:33.051
1,40.0,21880,2026-06-03 05:00:32.092
1,40.0,21880,2026-06-01 18:46:23.471
1,40.0,21830,2026-06-03 05:05:13.377
1,40.0,21830,2026-06-03 05:07:42.554
1,40.0,21790,2026-06-03 05:13:29.451
1,40.0,21780,2026-06-03 05:13:23.157
1,40.0,21740,2026-06-03 05:13:27.508
1,40.0,21730,2026-06-03 05:26:53.825
1,40.0,21690,2026-05-29 01:56:12.169
1,40.0,21680,2026-05-28 13:13:45.261
1,40.0,21680,2026-06-02 15:37:27.968
1,40.0,21680,2026-05-28 13:13:39.257
1,40.0,21680,2026-06-03 05:27:03.627
1,40.0,21660,2026-05-28 12:57:59.254
1,40.0,21660,2026-06-03 05:52:51.883
1,40.0,21640,2026-05-29 08:27:51.957
1,40.0,21630,2026-05-28 12:57:51.257
1,40.0,21630,2026-06-03 05:34:23.316
1,40.0,21630,2026-06-02 15:41:19.461
1,40.0,21630,2026-06-02 15:41:18.430
1,40.0,21590,2026-05-29 09:32:11.991
1,40.0,21580,2026-06-02 16:25:32.900
1,40.0,21580,2026-06-03 05:53:23.370
1,40.0,21550,2026-06-03 05:57:10.626
1,40.0,21540,2026-05-30 18:56:32.168
1,40.0,21540,2026-05-28 12:49:41.256
1,40.0,21510,2026-05-28 12:49:27.257
1,40.0,21480,2026-05-28 13:05:41.991
1,40.0,21460,2026-05-28 04:01:29.257
1,40.0,21450,2026-05-30 22:23:03.093
1,40.0,21450,2026-05-30 22:23:02.097
1,40.0,21440,2026-05-28 04:01:07.258
1,40.0,21430,2026-05-28 03:37:35.257
1,40.0,21400,2026-05-31 03:20:32.009
1,40.0,21330,2026-05-28 12:57:42.338
1,40.0,21300,2026-05-28 03:20:29.258
1,40.0,21300,2026-05-31 14:31:31.990
1,40.0,21240,2026-06-01 09:08:12.974
1,40.0,21240,2026-06-01 09:08:11.966
1,40.0,21150,2026-04-23 14:05:03.175
1,40.0,21120,2026-04-23 14:04:57.175
1,40.0,21050,2026-04-23 14:04:51.181
1,40.0,20930,2026-04-23 14:04:47.185
1,40.0,20810,2026-04-23 14:04:35.167
1,40.0,20800,2026-04-23 14:04:31.174
1,40.0,20730,2026-04-23 14:04:25.169
1,40.0,20690,2026-04-23 14:04:13.174
1,40.0,20690,2026-04-23 14:04:21.174
1,40.0,20690,2026-04-23 14:04:03.183
1,40.0,20530,2026-04-23 14:03:59.177
1,40.0,20430,2026-04-27 17:43:35.167
1,40.0,20300,2026-05-04 04:57:09.256
1,40.0,19840,2026-04-29 10:27:52.944
1,40.0,19840,2026-04-29 12:15:41.173
1,40.0,19760,2026-04-29 12:15:35.169
1,40.0,19720,2026-04-29 14:23:15.168
1,40.0,19690,2026-04-29 14:47:27.166
1,40.0,19680,2026-04-29 14:47:57.166
1,40.0,19670,2026-04-29 14:49:17.168
1,40.0,19670,2026-04-29 14:49:55.164
1,40.0,19590,2026-04-29 15:19:25.164
1,40.0,19550,2026-04-30 12:49:45.166
1,40.0,19460,2026-04-30 12:50:15.170
1,40.0,19450,2026-04-30 13:40:51.166
1,40.0,19370,2026-04-30 19:47:33.168
1,40.0,19330,2026-04-30 19:47:27.171
1,40.0,19240,2026-04-30 19:47:23.172
1,40.0,19240,2026-04-30 19:47:09.164
1,40.0,19230,2026-04-30 21:39:57.166
1,40.0,19200,2026-04-30 22:33:09.173
1,40.0,19140,2026-04-30 22:41:55.166
1,40.0,19110,2026-05-01 00:22:27.169
1,40.0,18960,2026-05-01 00:32:07.173
1,40.0,18930,2026-05-01 00:38:37.172
1,40.0,18900,2026-05-01 00:38:29.172
1,40.0,18780,2026-05-01 12:59:15.164
1,40.0,18770,2026-05-01 13:13:55.164
1,40.0,18760,2026-05-12 10:49:55.255
1,40.0,18480,2026-05-12 11:27:45.256
1,40.0,18440,2026-05-12 11:40:41.256
1,40.0,18430,2026-05-12 11:40:35.258
1,40.0,18400,2026-05-12 12:19:25.257
1,40.0,18350,2026-05-12 13:41:03.259
1,40.0,18320,2026-05-12 13:40:59.256
1,40.0,18260,2026-05-15 19:56:45.256
1,40.0,18040,2026-05-15 20:07:19.255
1,40.0,17960,2026-05-15 20:16:51.257
1,40.0,17900,2026-05-15 20:40:05.256
1,40.0,17900,2026-05-15 20:40:35.255
1,40.0,17850,2026-05-15 20:40:27.256
1,40.0,17800,2026-05-15 22:16:11.259
1,40.0,17710,2026-05-15 22:16:05.257
1,40.0,17710,2026-05-15 22:16:39.266
1,40.0,17660,2026-05-15 22:30:47.258
1,40.0,17560,2026-05-15 22:39:35.258
1,40.0,17550,2026-05-15 22:40:07.256
1,40.0,17540,2026-05-16 06:18:01.257
1,40.0,17500,2026-05-16 06:17:55.307
1,40.0,17500,2026-05-16 06:17:49.259
1,40.0,17470,2026-05-16 07:36:09.256
1,40.0,17380,2026-05-16 07:39:15.258
1,40.0,17350,2026-05-16 07:39:09.258
1,40.0,17320,2026-05-16 07:41:29.257
1,40.0,17270,2026-05-16 07:43:53.255
1,40.0,17270,2026-05-16 07:42:39.259
1,40.0,17260,2026-05-16 07:43:45.255
1,40.0,17230,2026-05-16 08:55:27.258
1,40.0,17210,2026-05-16 14:35:37.258
1,40.0,17210,2026-05-16 09:00:39.255
1,40.0,17160,2026-05-17 00:51:47.260
1,40.0,17130,2026-05-17 00:51:43.259
1,40.0,17060,2026-05-17 00:51:37.250
1,40.0,16960,2026-05-17 00:51:31.258
1,40.0,16860,2026-05-17 00:51:27.256
1,40.0,16750,2026-05-17 23:43:45.256
1,40.0,16710,2026-05-17 23:43:57.255
1,40.0,16700,2026-05-17 23:45:05.257
1,40.0,16630,2026-05-17 23:44:59.253
1,40.0,16630,2026-05-17 23:46:05.253
1,40.0,16610,2026-05-17 23:45:59.254
1,40.0,16590,2026-05-17 23:52:55.256
1,40.0,16560,2026-05-17 23:54:09.256
1,40.0,16550,2026-05-17 23:54:05.258
1,40.0,16480,2026-05-27 17:03:27.257
1,40.0,16450,2026-05-27 17:03:19.257
1,40.0,16440,2026-05-27 17:03:13.256
1,40.0,16400,2026-05-27 17:03:07.260
1,40.0,16400,2026-05-27 17:20:49.257
1,40.0,16390,2026-05-27 17:20:45.258
