side,qty,rate,time
2,80.0,100000000,2026-05-02 22:58:34.706
2,1000.0,50000,2026-05-07 02:04:44.066
2,40.0,30530,2026-04-23 14:09:04.435
2,40.0,30380,2026-04-27 14:51:07.613
2,40.0,30260,2026-04-27 14:51:06.875
2,40.0,30210,2026-04-23 14:09:03.481
2,40.0,30190,2026-04-27 14:51:05.237
2,40.0,30190,2026-04-27 14:51:06.008
2,40.0,30160,2026-04-23 14:09:02.777
2,40.0,30150,2026-04-27 14:51:04.444
2,480.0,30000,2026-05-07 02:34:10.437
2,40.0,29910,2026-04-27 14:51:03.477
2,40.0,29860,2026-04-27 14:51:02.715
2,40.0,29740,2026-04-23 14:09:02.021
2,40.0,29710,2026-04-27 14:51:01.936
2,40.0,29700,2026-04-27 14:51:01.192
2,40.0,29690,2026-04-23 14:09:01.142
2,40.0,29660,2026-04-27 14:51:00.157
2,40.0,29560,2026-04-27 14:50:59.393
2,40.0,29520,2026-04-27 14:50:58.719
2,40.0,29520,2026-04-27 17:44:25.484
2,40.0,29510,2026-04-27 14:50:57.975
2,40.0,29420,2026-04-27 17:44:24.684
2,40.0,29320,2026-04-27 17:44:23.871
2,40.0,29300,2026-04-27 14:50:57.257
2,40.0,29290,2026-04-27 14:50:56.489
2,40.0,29240,2026-04-27 14:50:55.719
2,40.0,29210,2026-04-27 17:44:23.055
2,40.0,29180,2026-04-27 14:50:54.948
2,40.0,29100,2026-04-27 14:50:54.130
2,40.0,29020,2026-04-27 14:50:53.387
2,40.0,28970,2026-04-27 14:50:52.612
2,40.0,28950,2026-04-27 14:50:51.839
2,40.0,28890,2026-04-27 14:50:50.825
2,40.0,28850,2026-04-27 14:50:49.863
2,40.0,28840,2026-04-27 17:44:22.204
2,40.0,28810,2026-04-27 14:50:49.099
2,40.0,28790,2026-04-27 14:50:48.352
2,40.0,28760,2026-04-23 14:09:00.236
2,40.0,28650,2026-04-23 14:08:59.464
2,40.0,28640,2026-04-27 14:50:46.843
2,40.0,28640,2026-04-27 14:50:47.609
2,40.0,28560,2026-05-03 11:35:51.964
2,40.0,28550,2026-04-27 14:50:46.083
2,40.0,28410,2026-04-27 14:50:45.012
2,40.0,28320,2026-04-27 14:50:44.255
2,40.0,28290,2026-04-27 14:50:43.454
2,40.0,28090,2026-04-27 14:50:42.608
2,40.0,27990,2026-04-27 14:50:41.819
2,40.0,27930,2026-04-27 17:44:21.366
2,40.0,27890,2026-04-27 14:50:40.934
2,40.0,27880,2026-04-27 14:50:39.998
2,40.0,27770,2026-04-27 14:50:39.254
2,40.0,27650,2026-04-27 14:50:38.551
2,40.0,27640,2026-04-22 05:06:30.247
2,40.0,27610,2026-04-27 14:50:37.799
2,40.0,27580,2026-04-27 17:44:20.502
2,40.0,27580,2026-04-23 14:08:58.735
2,40.0,27570,2026-04-27 14:50:36.770
2,40.0,27550,2026-04-27 14:50:35.779
2,40.0,27440,2026-04-27 14:50:35.005
2,40.0,27400,2026-04-27 14:50:34.263
2,40.0,27390,2026-04-22 03:56:10.354
2,40.0,27330,2026-04-27 14:50:33.513
2,40.0,27280,2026-04-27 14:50:32.812
2,40.0,27280,2026-04-27 17:44:19.761
2,40.0,27210,2026-04-23 14:08:57.963
2,40.0,27190,2026-04-27 17:44:19.041
2,40.0,27190,2026-04-22 12:32:01.165
2,40.0,27170,2026-04-23 14:08:57.233
2,40.0,27140,2026-04-22 12:32:00.300
2,40.0,27130,2026-04-27 14:50:31.852
2,40.0,27090,2026-04-22 12:54:03.154
2,40.0,27080,2026-04-27 14:50:31.104
2,40.0,26910,2026-04-27 14:50:30.019
2,40.0,26860,2026-04-23 14:08:56.449
2,40.0,26800,2026-04-23 14:08:55.691
2,40.0,26720,2026-04-27 14:50:29.311
2,40.0,26700,2026-04-27 14:50:28.600
2,40.0,26650,2026-04-27 14:50:27.870
2,40.0,26610,2026-04-27 17:44:18.325
2,40.0,26560,2026-04-27 14:50:27.116
2,40.0,26540,2026-04-27 17:44:17.504
2,40.0,26540,2026-04-23 14:08:54.887
2,40.0,26370,2026-04-27 14:50:26.360
2,40.0,26330,2026-04-27 14:50:25.619
2,40.0,26170,2026-04-23 14:08:54.125
2,40.0,26120,2026-05-06 19:19:41.764
2,40.0,26120,2026-04-27 17:44:16.784
2,40.0,26090,2026-05-06 19:09:11.808
2,40.0,26070,2026-05-06 19:09:12.650
2,40.0,26040,2026-05-06 16:16:31.694
2,40.0,26020,2026-05-06 16:16:32.449
2,40.0,25990,2026-05-06 15:51:32.033
2,40.0,25990,2026-04-27 14:50:24.795
2,40.0,25960,2026-05-06 15:51:02.208
2,40.0,25940,2026-05-06 15:47:41.879
2,40.0,25940,2026-04-27 14:50:24.119
2,40.0,25910,2026-05-06 15:41:42.017
2,40.0,25860,2026-05-06 15:39:53.282
2,40.0,25810,2026-05-04 15:49:41.667
2,40.0,25800,2026-05-04 15:49:42.456
2,40.0,25790,2026-04-27 14:50:23.390
2,40.0,25780,2026-04-27 14:50:22.639
2,40.0,25760,2026-05-04 09:28:51.993
2,40.0,25750,2026-05-04 09:28:53.601
2,40.0,25710,2026-05-04 09:28:52.833
2,40.0,25700,2026-05-04 08:51:31.627
2,40.0,25680,2026-04-27 14:50:21.911
2,40.0,25660,2026-04-27 14:50:20.865
2,40.0,25640,2026-05-04 08:51:12.052
2,40.0,25640,2026-05-07 01:09:01.658
2,40.0,25540,2026-05-07 01:48:11.682
2,40.0,25400,2026-05-07 15:28:11.577
2,40.0,25290,2026-05-07 18:07:01.718
2,40.0,24970,2026-05-07 15:27:54.451
2,40.0,24940,2026-05-08 00:46:52.773
2,40.0,24920,2026-05-07 17:22:43.790
2,40.0,24890,2026-05-07 23:54:21.461
2,40.0,24870,2026-05-07 17:46:14.313
2,40.0,24840,2026-05-08 00:01:11.870
2,40.0,24820,2026-05-07 22:17:04.069
2,40.0,24790,2026-05-08 00:02:41.853
2,40.0,24770,2026-05-07 22:52:13.921
2,40.0,24750,2026-05-08 03:51:32.486
2,40.0,24740,2026-05-08 00:26:52.207
2,40.0,24720,2026-05-07 23:54:23.822
2,40.0,24720,2026-05-08 04:12:22.663
2,40.0,24690,2026-05-08 00:27:02.057
2,40.0,24670,2026-05-08 00:01:14.152
2,40.0,24620,2026-05-08 00:02:44.078
2,40.0,24570,2026-05-08 00:26:55.696
2,40.0,24520,2026-05-08 00:27:05.692
2,480.0,24500,2026-05-08 01:11:13.250
1,40.0,24380,2026-05-07 15:27:53.538
1,40.0,24370,2026-05-06 13:36:02.038
1,40.0,24330,2026-05-07 17:22:42.787
1,40.0,24320,2026-05-06 14:21:03.371
1,40.0,24320,2026-05-06 14:21:02.045
1,40.0,24280,2026-05-07 17:46:13.288
1,40.0,24270,2026-05-07 17:46:15.969
1,40.0,24270,2026-05-07 17:46:16.927
1,40.0,24230,2026-05-08 04:10:40.180
1,40.0,24230,2026-05-07 22:17:03.067
1,40.0,24230,2026-05-08 03:21:41.364
1,40.0,24210,2026-05-07 22:30:52.052
1,40.0,24180,2026-05-07 22:52:12.885
1,40.0,24170,2026-05-07 22:59:41.699
1,40.0,24130,2026-05-07 23:54:22.799
1,40.0,24110,2026-05-06 07:14:32.024
1,40.0,24080,2026-05-08 00:01:13.217
1,40.0,24070,2026-05-08 00:01:51.688
1,40.0,24030,2026-05-08 00:02:43.221
1,40.0,24020,2026-05-08 00:02:32.115
1,40.0,23980,2026-05-08 00:26:53.567
1,40.0,23970,2026-05-05 21:59:12.459
1,40.0,23930,2026-05-08 00:27:03.485
1,40.0,23920,2026-05-08 00:27:13.086
1,40.0,23920,2026-05-08 00:27:12.134
1,40.0,23870,2026-05-04 00:58:32.228
1,40.0,23870,2026-05-05 21:23:17.214
1,40.0,23870,2026-05-05 21:23:18.196
1,40.0,23820,2026-05-05 10:06:51.886
1,40.0,23770,2026-05-05 21:13:42.294
1,40.0,23770,2026-05-03 14:34:22.211
1,40.0,23720,2026-05-03 17:30:05.859
1,40.0,23670,2026-05-03 13:20:12.148
1,40.0,23620,2026-05-03 19:51:56.452
1,40.0,23570,2026-05-05 12:34:41.822
1,40.0,23520,2026-05-05 15:45:42.280
1,40.0,23480,2026-05-02 12:01:25.926
1,40.0,23470,2026-04-23 14:07:33.076
1,40.0,23470,2026-05-05 16:05:41.897
1,40.0,23440,2026-04-23 14:07:31.247
1,40.0,23430,2026-04-23 14:07:29.744
1,40.0,23430,2026-05-02 12:38:22.187
1,40.0,23430,2026-05-05 16:09:11.878
1,40.0,23420,2026-04-23 14:07:28.320
1,40.0,23370,2026-05-01 17:08:42.050
1,40.0,23340,2026-04-27 17:43:51.171
1,40.0,23330,2026-05-03 03:40:31.925
1,40.0,23290,2026-04-23 14:07:26.876
1,40.0,23270,2026-04-23 14:07:25.382
1,40.0,23230,2026-04-23 14:07:23.881
1,40.0,23080,2026-04-23 14:07:22.836
1,40.0,23010,2026-04-23 14:07:21.716
1,40.0,22920,2026-04-23 14:07:20.688
1,40.0,22900,2026-04-23 14:07:19.430
1,40.0,22800,2026-04-23 14:07:18.428
1,40.0,22690,2026-04-23 14:07:17.458
1,40.0,22630,2026-04-23 14:07:16.428
1,40.0,22630,2026-04-23 14:07:15.267
1,40.0,22610,2026-04-23 14:07:14.289
1,40.0,22510,2026-04-23 14:07:13.270
1,40.0,22500,2026-04-23 14:07:12.213
1,40.0,22490,2026-04-23 14:07:11.209
1,40.0,22420,2026-04-23 14:07:10.225
1,40.0,22380,2026-04-23 14:07:09.262
1,40.0,22360,2026-04-23 14:07:08.265
1,40.0,22340,2026-04-23 14:07:07.183
1,40.0,22320,2026-04-23 14:07:02.844
1,40.0,22280,2026-04-23 14:07:01.853
1,40.0,22250,2026-04-23 14:07:00.749
1,40.0,22190,2026-04-23 14:06:58.661
1,40.0,22190,2026-04-23 14:06:59.672
1,40.0,22180,2026-04-23 14:06:57.668
1,40.0,22160,2026-04-23 14:06:56.656
1,40.0,22060,2026-04-23 14:06:55.663
1,40.0,21860,2026-04-23 14:06:54.436
1,40.0,21770,2026-04-23 14:06:53.171
1,40.0,21750,2026-04-23 14:06:49.170
1,40.0,21710,2026-04-23 14:06:39.171
1,40.0,21710,2026-04-23 14:06:35.173
1,40.0,21710,2026-04-23 14:06:43.170
1,40.0,21620,2026-04-23 14:06:31.171
1,40.0,21600,2026-04-23 14:06:25.171
1,40.0,21590,2026-04-23 14:06:17.172
1,40.0,21550,2026-04-23 14:06:09.179
1,40.0,21540,2026-04-23 14:06:03.171
1,40.0,21530,2026-04-27 17:43:45.171
1,40.0,21520,2026-04-23 14:05:53.176
1,40.0,21500,2026-04-23 14:05:49.174
1,40.0,21480,2026-04-23 14:05:41.172
1,40.0,21430,2026-04-23 14:05:37.172
1,40.0,21430,2026-04-23 14:05:31.173
1,40.0,21390,2026-04-23 14:05:25.176
1,40.0,21360,2026-04-23 14:05:21.179
1,40.0,21320,2026-04-23 14:05:17.173
1,40.0,21270,2026-04-27 17:43:41.164
1,40.0,21260,2026-04-23 14:05:13.180
1,40.0,21150,2026-04-23 14:05:03.175
1,40.0,21120,2026-04-23 14:04:57.175
1,40.0,21050,2026-04-23 14:04:51.181
1,40.0,20930,2026-04-23 14:04:47.185
1,40.0,20810,2026-04-23 14:04:35.167
1,40.0,20800,2026-04-23 14:04:31.174
1,40.0,20730,2026-04-23 14:04:25.169
1,40.0,20690,2026-04-23 14:04:13.174
1,40.0,20690,2026-04-23 14:04:03.183
1,40.0,20690,2026-04-23 14:04:21.174
1,40.0,20530,2026-04-23 14:03:59.177
1,40.0,20430,2026-04-27 17:43:35.167
1,40.0,20300,2026-05-04 04:57:09.256
1,40.0,19840,2026-04-29 10:27:52.944
1,40.0,19840,2026-04-29 12:15:41.173
1,40.0,19760,2026-04-29 12:15:35.169
1,40.0,19720,2026-04-29 14:23:15.168
1,40.0,19690,2026-04-29 14:47:27.166
1,40.0,19680,2026-04-29 14:47:57.166
1,40.0,19670,2026-04-29 14:49:55.164
1,40.0,19670,2026-04-29 14:49:17.168
1,40.0,19590,2026-04-29 15:19:25.164
1,40.0,19550,2026-04-30 12:49:45.166
1,40.0,19460,2026-04-30 12:50:15.170
1,40.0,19450,2026-04-30 13:40:51.166
1,40.0,19370,2026-04-30 19:47:33.168
1,40.0,19330,2026-04-30 19:47:27.171
1,40.0,19240,2026-04-30 19:47:09.164
1,40.0,19240,2026-04-30 19:47:23.172
1,40.0,19230,2026-04-30 21:39:57.166
1,40.0,19200,2026-04-30 22:33:09.173
1,40.0,19140,2026-04-30 22:41:55.166
1,40.0,19110,2026-05-01 00:22:27.169
1,40.0,18960,2026-05-01 00:32:07.173
1,40.0,18930,2026-05-01 00:38:37.172
1,40.0,18900,2026-05-01 00:38:29.172
1,40.0,18780,2026-05-01 12:59:15.164
1,40.0,18770,2026-05-01 13:13:55.164
